3128 4554
637 537 711 598 Orr.
735 537 794 596 IX.

450 755 485 814 Io
506 773 591 830 cuso,
613 775 650 814 Lo
671 774 802 832 srssroO,
825 775 854 814 rs
875 773 979 814 noeros

377 907 406 947 ro
436 907 590 964 russos,
622 907 650 947 ro
681 906 969 948 repressosrrrsoo
991 889 1047 968 (1).

273 1135 312 1198 In
336 1137 459 1218 questo
483 1132 629 1217 capitolo
652 1132 764 1218 prima
786 1133 820 1197 di
845 1137 931 1198 tutto
955 1132 976 1196 l’
987 1133 1025 1196 A.
1050 1132 1094 1198 de
1118 1132 1150 1198 la
1173 1133 1228 1198 de-

206 1261 365 1326 finizione
389 1260 423 1324 di
447 1279 601 1325 numero
626 1260 731 1337 corbe,
758 1277 886 1343 espone
910 1259 946 1323 in
969 1258 1049 1344 qual
1074 1260 1228 1324 maniera

206 1387 235 1452 si
269 1404 420 1472 possano
456 1403 637 1470 comporre
660 1385 672 1448 1
695 1384 831 1449 numeri
866 1384 944 1449 cubi
979 1384 1081 1448 edin
1116 1383 1227 1450 forma

206 1512 311 1578 molto
341 1512 540 1578 abbreviata
570 1510 707 1576 ricorde
729 1510 763 1576 la
785 1510 905 1594 regola
928 1529 990 1595 per
1021 1515 1172 1575 estrarre
1196 1509 1228 1575 la

204 1639 320 1704 radioe
354 1637 399 1702 da
431 1656 480 1702 un
513 1654 659 1702 numero
694 1636 791 1701 cubo
816 1671 860 1684 -
895 1636 1221 1716 Suooessivamente‚

206 1763 296 1848 dopo
319 1781 421 1828 avere
456 1761 549 1828 detto
572 1763 637 1828 ohe
672 1780 754 1828 cosa
777 1763 829 1828 sia
851 1761 874 1825 il
898 1780 1053 1827 pomero
1076 1762 1224 1844 sferieo,

203 1887 369 1952 definisse
391 1887 424 1952 le
447 1887 533 1953 altre
568 1887 682 1972 speeie
705 1887 841 1952 diverse
865 1885 900 1950 di
922 1885 1059 1950 numeri
1090 1885 1229 1968 figurati

205 2014 307 2080 solidi
331 2013 504 2096 (sfenisoO,
522 2013 817 2100 parellelepipedO,
841 2013 972 2094 doside,
997 2009 1152 2098 plintide)
1168 2010 1225 2098 (2).

204 2176 247 2188 -
264 2140 489 2206 Traduoendo
511 2140 761 2206 letteralrnente
778 2139 808 2204 si
824 2139 885 2204 ha:
910 2117 937 2202 E
960 2156 1115 2202 pomero
1139 2138 1225 2202 eobo

204 2266 318 2351 quello
334 2266 398 2332 che
414 2266 469 2332 dal
486 2266 653 2352 quadrato
670 2266 833 2331 descritto
849 2265 879 2328 si
896 2263 1025 2330 solleva
1047 2264 1089 2328 ad
1114 2265 1171 2328 un'
1182 2262 1226 2328 al·

204 2398 296 2458 tezza
331 2392 453 2476 eguale
478 2391 523 2475 (al
546 2391 614 2458 lato
639 2391 728 2458 della
751 2391 864 2472 base),
889 2390 1021 2455 avendo
1045 2389 1096 2456 sei
1119 2388 1224 2470 saoce,

204 2536 273 2584 una
303 2536 407 2603 sopra
429 2518 462 2583 la
489 2517 589 2603 quale
623 2518 755 2598 insiste,
779 2518 836 2582 un’
851 2515 938 2582 altra
968 2515 1146 2600 superiore
1170 2534 1226 2600 op-

203 2649 302 2730 posta
317 2664 336 2711 e
353 2649 489 2730 quattro
506 2643 687 2728 all'ingir0,
706 2663 803 2710 some
819 2644 935 2708 hanno
952 2643 963 2706 1
987 2641 1076 2707 dadi.
1092 2640 1225 2720 (Cebes

204 2771 257 2834 est
279 2789 467 2848 numeros,
493 2771 556 2852 qoe'
579 2787 627 2834 eoo
645 2769 831 2852 quadrata
850 2767 1097 2850 descriptione
1112 2768 1153 2850 ire
1170 2785 1226 2831 oe-

159 2979 162 2985 ,
205 2897 350 2979 qualem
373 2896 610 2961 altitudinem
634 2897 806 2980 eripitur,
838 2895 972 2960 haberes
996 2895 1118 2982 latero
1146 2912 1222 2972 see,

202 3041 318 3088 orrum
332 3041 404 3104 que
416 3022 590 3100 consistit,
606 3022 768 3086 alterum
783 3039 997 3104 supremum
1014 3020 1049 3084 et
1067 3019 1226 3101 quotuor

203 3149 244 3212 ire
255 3148 410 3226 ambior,
430 3148 472 3213 ot
488 3149 670 3232 tesserae).
687 3183 730 3194 -
747 3148 760 3211 1
777 3147 964 3212 suecessivi
987 3145 1123 3210 numeri
1146 3145 1225 3210 subi

202 3275 232 3339 si
256 3292 407 3359 possono
431 3293 612 3359 comporre
636 3273 728 3340 nella
751 3278 919 3357 seguente
943 3273 1112 3337 rnaniera:

214 3483 423 3492 Q

250 3618 288 3690 (1)
310 3621 349 3672 De
367 3621 444 3685 sobe,
466 3619 622 3689 sphaerico,
643 3620 750 3684 decide,
763 3616 911 3688 plinthide
930 3627 956 3671 et
972 3615 1227 3686 parallelepipedo

250 3719 290 3787 (2)
310 3719 391 3772 Nella
411 3719 642 3772 denominazione
662 3719 707 3771 del
727 3718 849 3787 capitolo
869 3717 895 3770 lo
913 3718 1033 3786 sfenisco
1047 3731 1102 3768 non
1116 3717 1131 3767 e
1145 3713 1232 3766 ricor-

202 3818 277 3872 dato.
