3132 4556
741 293 780 302 -
812 257 853 318 50
884 292 920 302 ..

732 500 808 561 Car,
832 499 923 562 XIV.

559 742 670 804 Nuovo
684 761 811 804 sarain
832 763 863 804 nr
882 763 1103 805 nnnnnnnonn

492 879 654 922 snconno
690 861 1031 924 n'nnanossssonn
1062 881 1166 923 enon.

386 1104 422 1169 L’
432 1105 471 1170 A.
495 1105 532 1171 in
554 1111 677 1191 questo
701 1105 848 1192 capitolo
864 1106 1071 1172 incomincia
1086 1105 1343 1172 coll'avvertire

319 1230 384 1295 che
407 1237 530 1316 questa
552 1231 701 1318 speciale
725 1233 881 1298 maniera
904 1232 938 1297 di
961 1237 1225 1318 rappresentare
1248 1233 1260 1298 i
1284 1251 1345 1298 nu-

318 1357 405 1422 meri
428 1358 575 1424 sarebbe
598 1359 742 1424 rimasta
764 1362 974 1424 certamente
998 1359 1217 1423 sconosciuta
1232 1358 1265 1422 ai
1287 1377 1345 1444 po

318 1483 402 1548 steri
426 1501 464 1548 se
488 1501 558 1548 non
581 1484 612 1548 si
635 1482 729 1549 fosse
753 1488 912 1568 scoperto
936 1502 983 1548 un
1014 1483 1152 1550 volume
1183 1483 1345 1549 dell'eru·

319 1608 490 1674 ditissimo
525 1610 685 1676 scrittore
720 1610 814 1676 Beda
848 1609 921 1696 (De
959 1607 1100 1676 natnra
1139 1629 1270 1676 rernm
1308 1610 1345 1674 et

318 1738 525 1820 temperans
548 1739 696 1803 ratione
719 1738 808 1802 libri
831 1737 928 1822 dno),
966 1737 1022 1806 nel
1057 1737 1158 1823 quale
1190 1739 1220 1803 si
1255 1756 1344 1804 com·

317 1865 448 1949 pronde
464 1869 551 1930 tutta
574 1865 685 1930 intera
700 1869 823 1950 questa
839 1863 988 1950 speciale
1011 1867 1201 1948 χειρονομία.

386 1991 743 2075 Conseguentemente
767 1990 790 2055 il
814 1995 933 2058 nostro
957 1993 996 2056 A.
1021 1991 1176 2056 dichiara
1198 1992 1232 2056 di
1249 1991 1346 2057 voler

317 2120 487 2204 riportare
510 2119 761 2186 letteralrnente
783 2120 948 2186 trascritti
972 2120 983 2184 i
1006 2120 1149 2205 precetti
1166 2119 1221 2185 del
1238 2121 1341 2202 Beda,

319 2246 587 2330 soggiungendo
611 2247 675 2311 che
707 2245 803 2311 molti
834 2245 911 2312 altri
943 2247 1094 2311 scrittori
1125 2251 1345 2312 mostrarono

319 2371 354 2436 di
377 2389 565 2437 conoscere
589 2377 713 2456 questo
736 2371 885 2456 speciale
909 2371 1051 2437 sistema
1074 2371 1260 2457 adoperato
1283 2390 1346 2458 per

320 2497 519 2581 significare
543 2498 554 2562 i
578 2497 725 2579 numeri,
749 2515 769 2562 e
793 2496 846 2563 ira
869 2496 918 2581 gli
941 2497 1019 2564 altri
1044 2497 1075 2563 S.
1100 2497 1295 2580 Gerolamo‚
1319 2497 1344 2562 il

319 2625 420 2710 quale
443 2623 550 2690 lascid
574 2625 714 2691 scritto:
743 2624 965 2690 Centesimns
989 2627 1024 2690 et
1039 2628 1286 2710 senapesirnns
1310 2627 1346 2691 et

320 2752 526 2816 tricesimas
549 2751 696 2833 fractas
721 2770 942 2834 qnaniqnarn
966 2752 1011 2817 de
1026 2771 1103 2818 ana
1119 2753 1226 2818 terra
1242 2753 1277 2818 et
1301 2753 1346 2819 de

319 2897 396 2944 nna
431 2879 589 2943 semente
612 2879 793 2957 nascitur,
821 2879 946 2945 tarnen
969 2879 1127 2944 multura
1149 2880 1281 2964 differt
1303 2881 1345 2944 in

319 3024 484 3070 namara.
513 3005 683 3090 Tripinta
706 3006 932 3108 referantur
955 3005 1004 3071 ad
1019 3008 1180 3090 nuptias.
1198 3007 1293 3072 Nara
1309 3006 1345 3070 et
1387 2984 1388 2989 ἵ

322 3134 404 3215 ipsa
427 3132 630 3217 dipitararn
654 3133 862 3197 coniunctio
887 3135 992 3215 qnasi
1015 3134 1119 3198 rnotli
1141 3152 1178 3198 se
1194 3133 1346 3215 cample-

318 3276 414 3323 nans
437 3257 555 3322 ascalo
579 3258 615 3322 et
638 3257 846 3340 foederans,
873 3259 1054 3324 araritnrn
1074 3259 1198 3343 pinpii
1227 3258 1262 3323 et
1293 3276 1345 3323 ca·

319 3385 477 3468 niapern.
510 3384 713 3468 Senapinta
736 3404 825 3449 aero
849 3385 899 3450 ad
929 3385 1072 3463 aidnas,
1110 3404 1150 3450 ea
1187 3385 1281 3468 qnod
1304 3387 1345 3450 in

320 3511 492 3595 anpnstia
527 3511 562 3575 et
597 3511 838 3576 tribulatione
872 3512 958 3576 sant
991 3512 1142 3595 positae.
1184 3511 1284 3577 Unde
1310 3511 1346 3576 et

319 3637 507 3720 superiori
531 3635 645 3720 dipiio
672 3637 949 3720 deprimantur,
986 3627 1193 3720 quantoque
1223 3639 1346 3702 niaiar

320 3763 371 3827 est
395 3762 591 3846 difficultas
615 3764 794 3845 coopertae
823 3764 1007 3847 qnondam
1037 3765 1239 3848 voluptatis
1270 3764 1347 3829 iite-

273 3873 275 3886 '
319 3889 434 3953 cebris
450 3889 645 3968 abstinere,
666 3890 768 3955 tanto
784 3893 904 3956 rnaias
921 3892 973 3955 est
988 3892 1210 3975 praerninna.
1228 3891 1346 3956 Porro
