3128 4554
767 190 944 250 ..150..

403 408 438 474 si
461 409 573 474 scrire
597 407 631 474 la
653 407 744 473 serie
768 405 925 475 naturale
946 405 1002 470 dei
1026 403 1174 484 numeri,
1198 403 1366 469 incomin-

337 535 460 602 ciando
484 553 550 600 eon
573 534 715 600 Punite:

591 657 1124 724 1.2.3.4.5.6.7....-,

403 788 437 852 Si
461 787 622 851 serivono
645 784 702 850 nei
725 783 800 850 loro
825 783 947 849 ordine
970 782 1138 863 naturale,
1162 800 1248 866 pure
1272 781 1364 846 ineo

337 911 533 978 minciando
557 909 750 991 datrunio.
774 911 785 974 i
810 910 998 974 suceessivi
1022 909 1158 974 numeri
1187 907 1362 993 quadrati:

540 1035 1184 1101 1.4.9.16.25.36.49.....-›

402 1165 436 1229 Si
471 1162 704 1248 moltipiicano
740 1162 1015 1228 ordinatamente
1050 1161 1062 1225 i
1098 1161 1238 1226 termini
1274 1155 1364 1223 della

336 1291 448 1375 prima
483 1289 573 1354 serie
598 1306 659 1373 per
683 1290 693 1352 i
716 1289 856 1352 termini
892 1286 982 1353 della
1018 1287 1169 1352 secontia
1196 1285 1286 1350 serie
1321 1283 1362 1349 ed

272 1420 275 1425 ’
337 1434 476 1480 avremo
499 1415 511 1478 i
534 1413 671 1478 numeri
694 1413 795 1478 cubi:

498 1542 526 1605 l.
551 1541 582 1604 8.
607 1539 660 1604 27.
684 1539 738 1602 ot.
766 1538 838 1603 125.
863 1537 939 1602 216.
964 1537 1039 1602 343.
1064 1581 1071 1594 .
1094 1581 1100 1594 .
1124 1581 1131 1594 .
1154 1580 1161 1594 .
1184 1565 1216 1593 .›

402 1669 415 1731 1
439 1665 626 1732 successivi
664 1665 800 1730 numeri
824 1664 903 1729 cubi
927 1664 957 1728 si
993 1681 1145 1748 possono
1170 1665 1281 1729 anche
1308 1663 1363 1728 de-

336 1793 522 1858 terminare
557 1789 610 1857 ool
635 1790 894 1875 procedimento
918 1793 1107 1872 seguente:
1144 1790 1177 1855 Si
1202 1790 1361 1855 sorivono

336 1916 391 1983 nei
417 1917 490 1984 loro
514 1917 636 1983 ordine
671 1915 827 1982 naturale
852 1916 863 1979 i
887 1916 1023 1981 numeri
1047 1917 1171 2000 impari
1199 1916 1364 1980 incomin-

338 2043 461 2108 ciando
485 2041 537 2107 001
563 2045 632 2106 tre:

477 2167 507 2232 3.
532 2167 563 2232 5.
588 2168 618 2232 7.
643 2167 674 2231 9.
702 2167 752 2230 11.
779 2165 830 2230 13.
858 2165 909 2230 15.
937 2165 987 2229 17.
1015 2165 1065 2230 19.
1090 2165 1143 2230 21.
1168 2165 1220 2230 23.

403 2293 452 2358 La
475 2311 609 2358 somma
632 2292 687 2357 dei
712 2292 783 2356 due
805 2291 907 2375 primi
932 2292 1070 2356 termini
1093 2291 1203 2356 3÷5
1227 2309 1363 2377 roppre-

338 2419 477 2483 sentertt
500 2417 522 2481 11
548 2417 699 2482 secondo
723 2435 868 2482 numero
892 2418 982 2483 cubo
1007 2441 1050 2476 t:
1073 2419 1093 2481 8
1106 2433 1115 2498 ;

405 2543 452 2608 La
475 2561 609 2608 somma
625 2542 680 2607 dei
697 2542 756 2606 tre
771 2543 958 2607 sueeossivi
981 2543 1121 2608 termini
1143 2545 1164 2606 7
1182 2545 1220 2623 1-
1233 2545 1254 2608 9
1268 2557 1308 2620 ÷
1323 2541 1358 2607 11

339 2668 603 2752 roppresentertt
626 2668 650 2732 il
673 2672 766 2732 terzo
791 2685 936 2734 numero
960 2669 1049 2734 cubo
1078 2699 1113 2721 =
1140 2669 1206 2751 273

404 2795 451 2858 Le
474 2809 609 2857 somma
631 2792 686 2856 dei
712 2793 862 2874 qoottro
887 2794 1075 2859 suecessivi
1102 2795 1242 2859 termini
1264 2768 1309 2860 13
1325 2800 1364 2864 t

342 2917 599 2994 151-171-19
623 2921 887 3003 rappresentere
910 2919 933 2984 il
957 2925 1079 3004 quarto
1106 2937 1251 2986 numero
1275 2923 1361 2988 cubo

342 3075 377 3098 =
404 3045 458 3127 64,
484 3064 503 3110 0
527 3042 599 3110 oosi
624 3045 657 3108 di
682 3045 817 3128 seguito
842 3046 1146 3112 indefinitamente.

404 3171 493 3250 1Ἀ.,
512 3168 565 3235 oio
588 3188 777 3253 premesso‚
796 3188 938 3236 osserva
962 3169 1025 3235 ohe
1050 3171 1299 3255 aggiungendo
1315 3191 1362 3238 un

338 3314 483 3362 numero
507 3297 596 3361 eubo
620 3315 640 3362 0
664 3315 701 3360 se
723 3300 836 3361 stesso
853 3315 923 3361 non
947 3297 977 3362 si
1001 3298 1129 3363 ottiene
1154 3317 1202 3362 un
1218 3317 1362 3364 numero
1453 3351 1454 3355 .
1517 3345 1518 3390 t

336 3421 435 3502 nube,
460 3438 558 3485 come
576 3420 598 3484 11
616 3439 761 3486 numero
778 3422 946 3506 quadrato
970 3423 1138 3505 aggiunto
1155 3442 1176 3488 a
1191 3441 1230 3488 se
1251 3428 1361 3490 stesso
1517 3397 1518 3408 ἵ

337 3565 408 3612 non
432 3544 544 3610 forma
569 3564 616 3609 un
639 3564 785 3611 numero
808 3547 986 3632 quadrato,
1009 3549 1077 3611 Per
1095 3552 1218 3631 questo
1242 3547 1265 3611 il
1289 3566 1362 3632 pro

337 3671 451 3738 bieme
474 3669 564 3735 della
588 3670 823 3756 duplicatione
847 3670 901 3736 del
926 3673 1014 3737 cubo
1039 3690 1109 3736 non
1127 3671 1157 3736 si
1176 3671 1245 3757 puo
1269 3671 1362 3737 risol-

337 3816 417 3862 11010
434 3796 487 3862 001
504 3801 665 3881 rapporto
682 3797 736 3861 dei
754 3798 899 3878 numeri,
924 3817 980 3862 ma
1004 3796 1152 3863 soltanto
1167 3814 1234 3862 eon
1250 3795 1361 3882 quello
