3128 4554
651 190 829 278 4123-

224 440 337 504 studio
361 439 515 504 dell’arte
539 439 699 521 oratoria,
724 439 779 506 del
803 441 919 506 diritto
935 439 1035 506 civile
1059 459 1079 506 o
1104 441 1138 505 di
1162 440 1249 506 altra

221 565 280 650 piri
310 567 517 651 importante
551 565 743 650 disciplina,
779 585 928 633 conosca
962 587 983 632 a
1016 566 1122 632 fondo
1159 569 1246 632 tutte

222 698 349 778 quante
373 691 405 756 le
428 688 486 775 piri
520 691 697 757 recondite
720 710 739 757 e
764 691 869 758 sottili
894 694 1126 779 propositioni
1157 692 1248 758 della

223 820 360 884 soienza
382 818 438 884 dei
472 817 619 898 numeri,
655 814 727 883 cosi
751 836 813 903 per
840 837 1008 885 converso
1044 838 1115 885 non
1150 824 1247 886 trovo

223 945 449 1010 conveniente
485 943 549 1009 che
584 943 653 1028 egli
677 962 721 1009 nc
747 944 799 1010 sia
822 943 938 1010 affatto
972 945 1096 1030 ignaro
1132 946 1249 1029 (ἀναρι-

225 1071 406 1154 θμητικόν).

670 1302 745 1362 One.
772 1304 800 1364 I.

321 1488 387 1550 Olli:
409 1507 480 1548 COSA
502 1491 669 1550 S’INTENDA
692 1511 751 1550 Pan
773 1491 867 1551 UNll'll
889 1511 908 1551 E
929 1511 989 1550 PER
1011 1509 1150 1551 NUMERO.

496 1626 657 1686 Drvrsroma
680 1645 736 1686 nan
761 1645 890 1686 nomnen
913 1625 969 1707 (1).

289 1841 416 1915 Questo
436 1843 547 1926 primo
563 1841 710 1926 capitolo
726 1843 932 1907 incomincia
948 1861 1014 1908 con
1030 1843 1063 1908 la
1080 1850 1247 1928 seguente

222 1966 495 2050 raggnardevole
519 1967 774 2052 propositione:
805 1967 931 2033 Ueritas
956 1971 1072 2033 omnis
1096 1973 1247 2035 onmem'

219 2094 453 2176 principium
476 2093 528 2158 est
551 2093 587 2158 et
609 2111 796 2170 measure,
823 2111 911 2159 rtem
934 2095 976 2158 ut
1000 2095 1164 2178 reliquos
1188 2116 1247 2161 res

221 2237 376 2284 comere
399 2220 594 2297 metimur,
621 2220 677 2284 ite
700 2238 873 2286 numeros
886 2221 1050 2286 ‘emitote
1075 2221 1124 2307 (L’
1138 2223 1247 2288 emitti

221 2347 241 2412 e
263 2345 287 2410 il
311 2345 480 2430 principio
504 2364 524 2410 e
547 2345 581 2410 la
603 2347 736 2412 misura
758 2346 793 2410 di
824 2347 907 2430 ogni
938 2365 1094 2428 numero,
1118 2349 1247 2432 perche

221 2488 319 2536 come
343 2470 395 2536 col
420 2489 566 2537 numero
583 2472 784 2538 misuriamo
801 2476 886 2538 tutte
906 2473 938 2538 le
955 2472 1040 2538 altre
1064 2492 1155 2555 cose,
1173 2471 1246 2539 cosi

220 2593 296 2660 coll’
310 2596 406 2660 unita
419 2596 620 2662 misuriamo
633 2597 644 2661 i
656 2595 814 2682 numeri).
829 2599 1145 2665 successivamente
1158 2600 1246 2684 dopo

221 2739 322 2786 avere
338 2722 503 2806 ripertato
527 2741 589 2806 per
612 2723 634 2786 l'
648 2724 757 2790 emite
780 2724 811 2790 le
828 2725 1023 2791 definicioni
1047 2725 1082 2790 di
1105 2727 1246 2792 Euclide

220 2865 239 2910 e
263 2846 297 2911 di
325 2846 514 2912 Giamblico
538 2866 565 2940 e
580 2867 642 2932 per
672 2848 696 2912 il
721 2868 875 2914 numero
910 2849 944 2914 la
974 2850 1168 2934 ingognosa
1191 2852 1247 2917 de-

218 2971 377 3038 finizione
401 2973 436 3036 di
460 2973 644 3040 Aristotele
660 2974 716 3061 (2),
741 2976 878 3041 ricorda
900 2976 934 3041 la
956 2977 1246 3061 principalissima

219 3096 422 3164 distincione
446 3099 501 3164 dei
525 3101 660 3166 numeri
683 3101 831 3183 inpari
855 3103 897 3168 ed
922 3104 1087 3185 impert:

270 3349 308 3416 (1)
334 3349 432 3403 Unitao
451 3351 522 3420 quid
541 3353 579 3403 sit
598 3361 624 3404 et
642 3369 791 3416 necteres,
813 3362 839 3405 et
857 3353 992 3422 quomodo
1011 3353 1171 3406 dividatur.

268 3449 306 3513 (2)
327 3449 449 3504 Eocmnn
468 3451 514 3504 nal
534 3450 608 3504 libro
627 3450 677 3504 Vll
697 3451 742 3504 dei
762 3451 825 3504 suoi
846 3451 999 3504 immortali
1019 3451 1152 3504 clementi
1181 3452 1251 3520 (Eo-

215 3548 301 3600 clidis
321 3548 470 3603 Elementa
484 3551 555 3604 -Ι,
578 3551 610 3604 L.
633 3532 755 3620 Heiberp
774 3580 808 3592 -
827 3551 890 3605 Vol.
912 3551 935 3604 ll
957 3551 1045 3604 libros
1063 3551 1140 3604 v-lx
1160 3553 1251 3605 conti-

213 3663 295 3699 nens
317 3646 424 3717 Lipsia‚
445 3648 476 3701 B.
498 3647 530 3701 G.
552 3650 693 3712 Teubner,
715 3649 989 3716 MDCCCLXXXIV)
1009 3649 1045 3701 da
1064 3649 1092 3701 di
1113 3651 1197 3702 enitet
1224 3651 1250 3703 la

213 3751 353 3813 segncnte
372 3746 555 3800 definiciono:
579 3747 676 3800 Ueritas
695 3758 735 3801 est
753 3765 795 3812 ea,
816 3748 973 3801 secondom
986 3765 1072 3817 prtem
1090 3765 1150 3800 one
1168 3765 1251 3817 quae·

211 3858 263 3911 que
281 3859 326 3895 res
344 3861 405 3897 una
423 3845 601 3898 commater.
626 3845 727 3914 (Unice
746 3846 880 3918 equella‚
901 3863 952 3918 per
965 3845 993 3898 la
1012 3847 1096 3920 quale
1110 3846 1247 3904 ciascuna
