3132 4556
679 211 855 270 ..35-

255 447 353 495 come
388 429 488 494 viane
522 428 695 494 ricordate
730 428 774 494 da
805 427 899 492 Beda
933 427 1024 494 eda
1058 428 1279 494 Sacroboscn

255 557 396 620 intorno
419 555 476 640 poi
500 574 521 620 a
543 559 666 640 questa
688 552 892 640 particulare
916 553 1071 618 maniera
1094 554 1128 617 di
1144 571 1281 638 rappre

255 686 393 746 sentare
418 681 429 744 i
452 681 599 762 numeri,
619 680 656 744 vi'
671 681 709 744 A.
734 679 889 745 dichiara
911 679 947 744 di
978 697 1079 746 avere
1102 683 1235 744 trovato
1269 678 1280 742 i

253 807 345 872 versi
372 806 548 889 seguenti,
584 805 648 870 ebe
684 805 814 890 riperta
848 804 908 888 (de
943 823 1015 887 qua
1050 803 1278 870 numerandi

4 977 23 1014 r
256 933 405 998 ratione
429 931 637 1016 hujusmodi
660 933 792 996 inueni
816 932 1052 1016 versiculum:

324 1208 342 1247 «
365 1185 524 1250 Possidet
547 1185 586 1249 A.
611 1203 775 1250 numeres
799 1185 1008 1270 quingentos
1031 1185 1152 1250 ordine
1175 1187 1279 1250 recto.

279 1293 280 1296 ¹
323 1311 435 1394 Atque
457 1315 631 1376 trecentos
654 1311 690 1374 B.
715 1328 777 1394 per
801 1329 839 1376 se
863 1311 1012 1376 retinere
1036 1311 1179 1376 videtur.

322 1436 397 1501 Non
420 1435 604 1520 plusquam
629 1441 767 1500 centum
792 1437 826 1501 Ο.
851 1436 951 1503 litera
973 1435 1083 1502 fertur
1105 1437 1245 1502 habere.

320 1562 434 1627 Litera
457 1563 493 1626 D.
517 1561 620 1628 velut.
645 1563 683 1627 A.
709 1563 918 1648 quingentos
942 1562 1161 1646 significabit.

321 1688 435 1753 Litera
457 1687 624 1760 ducentos
647 1691 685 1754 E.
710 1689 961 1774 quinquaginta
983 1689 1121 1755 tenebit.

322 1813 424 1878 Sexta
447 1813 695 1898 quadrigentos
720 1816 809 1898 gerit
824 1817 860 1881 F.
885 1835 954 1901 qua
970 1814 1083 1880 differt
1107 1815 1149 1880 ab
1166 1813 1277 1900 alpha.

320 1939 358 2004 G.
384 1939 631 2023 quadrigentos
655 1940 897 2006 demonstrans
922 1959 1005 2006 cura
1028 1919 1176 2026 patebit.

213 2091 216 2096 ·
319 2066 360 2130 H.
384 2064 584 2148 designatos
608 2083 773 2131 numeros
796 2065 854 2130 dat
877 2065 1006 2130 habere
1029 2064 1207 2130 ducentos

319 2191 343 2255 Ι.
368 2190 402 2254 Ο.
427 2208 568 2276 compar
591 2191 665 2255 erit.
690 2196 829 2256 centum
853 2190 919 2256 sibi
938 2187 1019 2274 jure
1042 2206 1239 2274 reposcens.

317 2317 359 2382 K.
386 2334 523 2401 quoque
547 2319 712 2382 centenos
735 2321 769 2381 et
794 2316 1045 2400 quinquaginta
1069 2314 1209 2380 tenebit.

320 2444 356 2509 L.
382 2443 634 2528 quinquaginta
655 2444 717 2508 tibi
741 2443 943 2528 simpliciter
966 2442 1136 2508 retinebit.

319 2569 362 2632 M.
388 2573 489 2654 caput
512 2573 564 2634 est
587 2569 722 2634 numeri
745 2570 827 2654 quia
849 2568 943 2634 mille
966 2568 1100 2636 videtur
1117 2566 1254 2632 habere.

320 2694 358 2758 N.
383 2695 616 2778 noningentos
640 2713 824 2760 numerum
847 2695 1008 2778 designat
1031 2693 1238 2758 habendum.

320 2819 486 2886 Vndenos
509 2819 590 2885 facit
613 2820 652 2886 O.
677 2821 728 2886 sic
752 2821 912 2887 dinosees
936 2820 1161 2888 numerando.

319 2947 356 3009 P.
381 2945 530 3010 similem
546 2963 625 3010 eum
649 2947 687 3010 G.
705 2964 888 3012 numerum
906 2949 1117 3010 monstratur
1137 2943 1274 3008 habere.

320 3072 357 3146 Q.
382 3071 483 3137 velut.
508 3072 547 3136 A.
572 3090 651 3137 cum
675 3073 711 3136 D.
737 3073 945 3157 quingentos
969 3071 1041 3136 vult
1065 3072 1223 3137 retinere.

320 3196 525 3281 Octingenta
548 3198 642 3264 dabit
665 3199 704 3263 R.
729 3199 759 3262 si
782 3197 860 3282 quis
884 3217 961 3262 eam
984 3199 1186 3262 numeravit.

319 3323 357 3387 G.
382 3341 464 3388 vero
488 3328 649 3408 septenos
674 3323 881 3389 numeratim
904 3323 1123 3407 significabit.

319 3451 353 3514 T.
379 3449 440 3514 tibi
465 3454 629 3514 centenos
653 3453 686 3514 et
710 3449 891 3531 sexaginta
913 3449 1053 3514 tenebit.

318 3576 360 3640 V.
385 3593 523 3659 semper
547 3575 609 3639 tibi
620 3575 778 3659 quinque
803 3575 897 3639 dabit
914 3575 1002 3640 bene
1019 3577 1048 3640 si
1065 3577 1274 3642 numerabis.

318 3702 360 3765 X.
386 3719 524 3785 semper
547 3701 655 3765 denos
679 3701 874 3765 numeranti
898 3701 956 3766 dat
979 3702 1187 3767 retinendos.

317 3828 358 3891 Y.
384 3825 455 3892 vult
478 3832 643 3892 centenus
668 3831 701 3891 et
725 3827 976 3911 quinquaginta
999 3829 1119 3894 teneri.

318 3953 448 4018 Vltima
471 3957 545 4018 zeta
568 3954 659 4018 canit
682 3971 847 4018 numeros
871 3954 924 4019 bis
949 3954 1042 4021 mille
1065 3953 1177 4020 teneri
1200 3977 1231 4020 ».
