3128 4554
621 219 800 280 -129-

199 453 263 522 per
286 435 356 502 due
379 437 572 503 determina
594 437 627 502 le
650 439 765 523 speeie
790 438 845 503 dei
869 440 1005 504 numeri
1028 441 1152 526 impari
1167 439 1223 528 (1).

199 565 213 626 Ι
252 563 389 628 numeri
424 563 616 648 parimente
655 564 779 649 impari
814 565 844 629 si
879 563 1037 631 formano
1073 573 1224 653 appunto

148 759 152 766 ,
200 687 486 772 raddoppiandoi
510 690 646 754 numeri
662 689 785 774 impari
810 691 920 755 scritti
937 689 993 756 nel
1010 691 1084 757 loro
1101 693 1223 758 ordine

201 815 358 882 naturale
389 853 433 865 -
465 815 707 900 (Producitur
738 815 782 880 ab
817 817 1024 898 imparibus
1053 818 1226 884 uaturali

200 941 333 1007 ordiue
355 962 392 1008 se
416 941 714 1024 cousequeutibus
738 941 774 1005 et
797 941 944 1007 biuurio
975 962 1130 1008 uumero
1163 965 1220 1030 pe-

200 1069 379 1154 minatis).

267 1197 281 1259 Ι
303 1198 438 1262 numeri
462 1196 591 1281 dispari
616 1195 723 1260 scritti
748 1195 804 1260 nel
828 1195 903 1261 loro
927 1197 1049 1262 ordine
1065 1198 1222 1263 naturale

201 1320 315 1387 danno
338 1322 372 1388 la
395 1323 506 1388 serie:
534 1323 561 1386 l.
586 1321 617 1386 3.
642 1321 673 1386 5.
702 1323 732 1385 7.
760 1323 791 1387 9.
819 1323 869 1386 ll.
901 1323 942 1386 13
959 1372 1056 1404 ....,
1081 1323 1225 1409 raddop

198 1448 324 1532 piando
348 1449 511 1514 oiasouno
535 1449 569 1512 di
593 1448 707 1534 questi
730 1449 869 1513 termini
894 1467 1034 1514 avremo
1058 1450 1223 1514 inumeri

196 1576 410 1656 parimente
443 1576 606 1658 irupari:
635 1575 666 1639 2.
691 1574 722 1638 6.
749 1575 800 1638 10.
827 1575 877 1638 14.
906 1576 956 1638 18.
981 1574 1034 1639 22.
1066 1575 1222 1657 26....,

199 1719 340 1784 ognuno
356 1701 412 1768 dei
428 1701 522 1787 quali
538 1702 568 1766 si
584 1701 652 1786 pno
665 1701 818 1766 dividere
834 1719 904 1766 nna
915 1700 1007 1766 volta
1023 1701 1098 1766 sola
1114 1721 1176 1786 per
1190 1701 1222 1767 2.

199 1829 266 1892 Tra
288 1828 355 1894 due
379 1829 567 1894 snooessivi
601 1828 740 1893 termini
764 1827 798 1892 di
833 1831 955 1911 questa
978 1826 1098 1892 ultima
1133 1829 1223 1893 serie

199 1973 303 2040 passa
337 1960 608 2022 oostantemente
632 1975 701 2022 una
735 1956 922 2022 differenda
945 1955 1068 2038 eguale
1103 1959 1166 2021 at
1203 1975 1222 2021 e

197 2098 349 2165 posenno
372 2101 490 2148 essere
513 2083 694 2168 interposti
717 2086 770 2147 tre
794 2082 982 2148 successivi
1005 2083 1142 2148 numeri
1176 2083 1223 2146 di-

199 2209 295 2273 stinti
319 2208 376 2290 (2).

205 2435 443 2446 ——-—...

247 2595 286 2666 (l)
305 2595 475 2649 veramente
495 2595 551 2648 ΓΑ.
573 2595 696 2648 scrisse:
719 2596 837 2649 Pariter
855 2598 952 2665 impar
970 2607 1010 2649 est
1029 2599 1079 2666 qui
1094 2613 1149 2664 per
1167 2614 1227 2648 ma-

192 2695 273 2745 xima
291 2695 412 2758 diuisus,
437 2695 596 2762 imparium
617 2710 806 2746 uumerarum
822 2696 927 2762 spectes
947 2696 1109 2758 coustituit3
1130 2694 1228 2746 tradu-

193 2793 283 2846 eendo
302 2792 513 2845 letteralmente
532 2792 557 2843 si
576 2794 716 2847 avrebbe:
750 2791 950 2845 «Purimeate
979 2794 1088 2861 impari
1116 2795 1131 2845 e
1160 2792 1227 2862 quel

193 2909 322 2956 numero,
343 2893 395 2946 che
423 2891 515 2947 diviso
542 2893 571 2944 in
600 2893 655 2945 due
680 2893 774 2960 eguali
804 2893 937 2946 massime
964 2893 1038 2962 parti
1068 2909 1173 2960 genera
1200 2893 1226 2944 le

196 2990 290 3060 speeie
318 2990 362 3043 dei
383 2990 494 3042 numeri
514 2990 622 3060 dispari
643 3007 669 3044 u.

246 3087 285 3158 (2)
305 3089 430 3142 Secondo
450 3088 587 3142 Enomnn:
609 3089 726 3142 Pariter
745 3091 841 3158 impar
859 3099 899 3142 est
917 3107 999 3158 quem
1014 3107 1072 3158 par
1090 3105 1229 3141 uumerus

193 3171 349 3239 secuudum
369 3188 509 3256 imparem
534 3205 688 3240 numerum
707 3189 834 3240 metitur.
862 3188 897 3254 (ΙΙ
921 3203 1039 3241 numero
1064 3189 1227 3256 parimeute

195 3287 332 3354 imperii
352 3286 447 3356 quello
461 3287 513 3338 ohe
533 3285 625 3340 diviso
639 3303 688 3355 per
709 3304 747 3338 un
762 3302 880 3339 numero
900 3285 961 3355 pari
976 3286 1011 3337 da
1030 3302 1079 3355 per
1093 3285 1227 3338 risultato

193 3401 231 3436 un
252 3401 370 3437 numero
390 3384 514 3454 impari).
535 3383 640 3444 Questa
666 3383 833 3438 definizione
853 3384 948 3438 rieeve
974 3383 1102 3451 maggior
1122 3384 1186 3436 luce
1212 3400 1226 3436 e

192 3482 333 3535 concorda
346 3499 399 3535 eon
419 3483 514 3554 quella
527 3482 573 3536 dol
594 3489 691 3536 nostro
704 3483 738 3536 A.
754 3500 769 3534 e
789 3499 841 3534 eon
856 3482 951 3554 quella
964 3482 992 3534 di
1007 3483 1082 3536 Loca
1100 3482 1228 3534 Pacalom

192 3581 321 3648 (Pariter
341 3583 436 3650 impar
464 3582 565 3652 equol
585 3598 703 3634 numero
723 3582 774 3634 che
794 3597 851 3634 non
880 3581 904 3634 si
924 3583 980 3650 pud
1010 3581 1139 3633 chouna
1167 3581 1228 3634 sola

192 3679 270 3732 volta
283 3680 389 3748 partire
409 3697 459 3749 per
471 3679 510 3749 2),
526 3680 639 3750 quando
653 3680 676 3732 si
691 3679 840 3733 considera
854 3681 873 3733 il
886 3680 1098 3750 procedimanto
1112 3685 1227 3747 esposto

192 3779 452 3834 successivemente
471 3797 522 3849 per
542 3779 731 3832 determinare
750 3779 759 3830 i
779 3780 890 3832 numeri
916 3781 1079 3848 parimente
1106 3779 1223 3845 impari.

193 3908 226 3919 —
246 3880 340 3933 Troas
359 3896 386 3932 m
409 3879 517 3932 Smmnn
536 3879 623 3931 lasoid
649 3879 768 3931 scritto:
791 3879 956 3931 Purimeute
980 3878 1088 3946 impari
1116 3878 1130 3928 e
1159 3877 1225 3947 quel

193 3993 321 4041 numero,
342 3978 405 4040 ohe,
429 3977 520 4030 diviso
539 3995 589 4047 per
609 3976 636 4039 2,
658 3976 693 4029 da
713 3995 751 4029 un
771 3977 920 4047 quoziente
941 3976 1051 4046 impari.

1156 4108 1168 4144 9
